@PhdThesis{GCM,
author = {Omar Honorio Ruiz Barzola},
title = {GRÁFICOS DE CONTROL DE CALIDAD MULTIVARIANTES CON DIMENSIÓN VARIABLE},
school = {Universitat Politècnica de València},
year = {2013}
}

@Book{LGCM,
author = {Edgar Santos Fernández},
title = {Multivariate Statistical Quality Control Using R},
year = {2012}
}

@Book{LGCM1,
author = {Theodore T. Allen},
title = {Introduction to Engineering Statistics and Six Sigma},
year = {2006}
}

@Book{6S,
author = {Roberto José Herrera Acosta & Tomás José Fontalvo Herrera},
title = {Seis Sigma Métodos Estadísticos y Sus Aplicaciones}
}

@Article{A1,
author = {Roberto Herrera and Karen Hern\'{a}ndez and Eliana Figueroa and Jos\'{e} De \'{A}vila},
title = {Aplicaci\'{o}n del control estad\'{i}stico multivariado para medir la acapacidad del proceso de fabricaci\'{o}n de resortes de compresi\'{o}n en acero inoxidable},
journal = {Prospectiva},
year = {2018},
volume = {16},
number = {2},
pages = {49-58}
}

@MastersThesis{A2,
author = {Miguel A. Flores S\'{a}nchez},
title = {Desarrollo de una aplicaci\'{o}n para gr\'{a}ficos de control de procesos industriales},
school = {Universidad de la Coru\~{n}a},
year = {2013},
}

@Article{A3,
author = {Rub\'{e}n Dar\'{i}o Loaiza Arbel\'{a}ez},
title = {Gr\'{a}ficos de control no param\'{e}tricos basados en R estad\'{i}sticos con aplicaci\'{o}n al caso multivariante},
school={Universidad Carlos III de Madrid},
year = {2013}
}